@online{refC,
    title = "Referència del llenguatge C i C++",
    url="https://en.cppreference.com/",
    addendum = "(visitat: 09.12.2020)"
}
@online{memErrorsC++,
    title="How to avoid, Find (and fix) memory errors in your C/C++ code",
    url="https://www.cprogramming.com/tutorial/memory_debugging_parallel_inspector.html",
    addendum = "(visitat: 10.12.2020)"
}
@online{javaReference,
    title="The structure of the Java Virtual Machine",
    url="https://docs.oracle.com/javase/specs/jvms/se7/html/jvms-2.html",
    addendum="(visitat: 10.12.2020)"
}
@online{gbProblems, 
    title="The dangers of garbage-collected languages",
    url="https://www.lucidchart.com/techblog/2017/10/30/the-dangers-of-garbage-collected-languages/",
    addendum="(visitat: 8.12.2020)"
}
@online{wikiGB,
    title="Wikipedia: Garbage collection (computer science)",
    url="https://en.wikipedia.org/wiki/Garbage_collection_(computer_science)",
    addendum="(visitat: 8.12.2020)"
}

@online{javaOBJ,
    title="{Object (Java Platform SE 8)}",
    url="https://docs.oracle.com/javase/8/docs/api/java/lang/Object.html#Object--",
    addendum="(visitat: 13.12.2020)"
}

@online{javaOBJusage,
    title="Creating objects (The JAVA™ tutorials)",
    url="https://docs.oracle.com/javase/tutorial/java/javaOO/objects.html",
    addendum="Capituls Creating objects, using objects (visitat: 13.12.2020)"
}
@online{pythonGC,
	title="Garbage Collector interface",
	url="https://docs.python.org/3/library/gc.html",
    addendum="(visitat: 8.12.2020)"
}
@online{pythonDM,
	title="Data model",
	url="https://docs.python.org/3/reference/datamodel.html#objects-values-and-types",
	addendum="(visitat: 8.12.2020)"
}

@online{javaGB,
    title="Java Garbage Collection Basics",
    url="https://www.oracle.com/webfolder/technetwork/tutorials/obe/java/gc01/index.html",
    addendum="(visitat: 8.12.2020)"
}

@online{BaeljavaGB,
    title="JVM Garbage Collectors",
    url="https://www.baeldung.com/jvm-garbage-collectors",
    addendum="(visitat: 13.12.2020)"
}
@misc{forumGB,
	title="Alternative for Garbage Collector",
	url="https://stackoverflow.com/questions/2598089/alternative-for-garbage-collector",
	addendum="Forum (visitat 16.12.2020)"
}
@online{objPool,
	title="Object Pool",
	url="https://gameprogrammingpatterns.com/object-pool.html",
	addendum="(visitat: 17.12.2020)"
}
@misc{forumMA,
	title="Memory allocation patterns used in game development",
	url="Memory allocation patterns used in game development",
	addendum="Forum (visitat: 17.12.2020)"
}
